@inproceedings{8980352,
  author    = {Du, Dong and Hua, Zhichao and Xia, Yubin and Zang, Binyu and Chen, Haibo},
  booktitle = {2019 ACM/IEEE 46th Annual International Symposium on Computer Architecture (ISCA)},
  title     = {XPC: Architectural Support for Secure and Efficient Cross Process Call},
  year      = {2019},
  volume    = {},
  number    = {},
  pages     = {671-684},
  doi       = {}
}

@online{x86uintr,
  author     = {Sohil Mehta},
  title      = {{x86 User Interrupts support}},
  year       = {2021},
  date       = {2021-09-13},
  urldate    = {2021-09-13},
  url        = {https://lwn.net/Articles/869140/},
}

@online{qemu,
  author     = {},
  title      = {About {QEMU}},
  year       = {2023},
  url        = {https://www.qemu.org/docs/master/about/index.html}
}